[gd_scene load_steps=23 format=2]

[ext_resource path="res://Art/Player/Player_Bicep_Color_NoOutline.png" type="Texture" id=1]
[ext_resource path="res://Player.gd" type="Script" id=2]
[ext_resource path="res://Art/Player/Player_Hand.png" type="Texture" id=3]
[ext_resource path="res://Art/Player/Player_Head.png" type="Texture" id=4]
[ext_resource path="res://Art/Player/Player_Torso_Color.png" type="Texture" id=5]
[ext_resource path="res://Art/Player/Player_Foot_Color.png" type="Texture" id=6]
[ext_resource path="res://Art/Player/Player_Thigh_Color.png" type="Texture" id=7]
[ext_resource path="res://Art/Player/Player_Calf_Color.png" type="Texture" id=8]
[ext_resource path="res://Poof.tscn" type="PackedScene" id=9]
[ext_resource path="res://Art/Vignettes/PlayerRobe.png" type="Texture" id=10]
[ext_resource path="res://Art/Player/Player_Thigh_Color_NoOutline.png" type="Texture" id=11]
[ext_resource path="res://Art/Player/Player_Bicep_Color.png" type="Texture" id=12]
[ext_resource path="res://Audio/out_of_breath.wav" type="AudioStream" id=13]
[ext_resource path="res://Audio/game_over.wav" type="AudioStream" id=14]

[sub_resource type="CapsuleShape2D" id=1]
radius = 16.0
height = 59.0

[sub_resource type="Animation" id=8]
resource_name = "GameLost"
length = 0.5
tracks/0/type = "value"
tracks/0/path = NodePath("Player_Bicep2/Player_Hand:position")
tracks/0/interp = 1
tracks/0/loop_wrap = true
tracks/0/imported = false
tracks/0/enabled = true
tracks/0/keys = {
"times": PoolRealArray( 0, 0.5 ),
"transitions": PoolRealArray( 1, 1 ),
"update": 0,
"values": [ Vector2( 0.5, 56.5 ), Vector2( 0.5, 56.5 ) ]
}
tracks/1/type = "value"
tracks/1/path = NodePath("Player_Bicep2/Player_Hand:rotation_degrees")
tracks/1/interp = 1
tracks/1/loop_wrap = true
tracks/1/imported = false
tracks/1/enabled = true
tracks/1/keys = {
"times": PoolRealArray( 0, 0.5 ),
"transitions": PoolRealArray( 1, 1 ),
"update": 0,
"values": [ 0.0, -271.802 ]
}
tracks/2/type = "value"
tracks/2/path = NodePath("Player_Bicep2:position")
tracks/2/interp = 1
tracks/2/loop_wrap = true
tracks/2/imported = false
tracks/2/enabled = true
tracks/2/keys = {
"times": PoolRealArray( 0, 0.5 ),
"transitions": PoolRealArray( 1, 1 ),
"update": 0,
"values": [ Vector2( 2.5, -15 ), Vector2( 2.5, -15 ) ]
}
tracks/3/type = "value"
tracks/3/path = NodePath("Player_Bicep2:rotation_degrees")
tracks/3/interp = 1
tracks/3/loop_wrap = true
tracks/3/imported = false
tracks/3/enabled = true
tracks/3/keys = {
"times": PoolRealArray( 0, 0.5 ),
"transitions": PoolRealArray( 1, 1 ),
"update": 0,
"values": [ 4.96247, 119.872 ]
}
tracks/4/type = "value"
tracks/4/path = NodePath("Player_Bicep/Player_Hand:position")
tracks/4/interp = 1
tracks/4/loop_wrap = true
tracks/4/imported = false
tracks/4/enabled = true
tracks/4/keys = {
"times": PoolRealArray( 0, 0.5 ),
"transitions": PoolRealArray( 1, 1 ),
"update": 0,
"values": [ Vector2( 0.5, 56.5 ), Vector2( 0.5, 56.5 ) ]
}
tracks/5/type = "value"
tracks/5/path = NodePath("Player_Bicep/Player_Hand:rotation_degrees")
tracks/5/interp = 1
tracks/5/loop_wrap = true
tracks/5/imported = false
tracks/5/enabled = true
tracks/5/keys = {
"times": PoolRealArray( 0, 0.5 ),
"transitions": PoolRealArray( 1, 1 ),
"update": 0,
"values": [ 0.0, 300.263 ]
}
tracks/6/type = "value"
tracks/6/path = NodePath("Player_Bicep:position")
tracks/6/interp = 1
tracks/6/loop_wrap = true
tracks/6/imported = false
tracks/6/enabled = true
tracks/6/keys = {
"times": PoolRealArray( 0, 0.5 ),
"transitions": PoolRealArray( 1, 1 ),
"update": 0,
"values": [ Vector2( 2.5, -15 ), Vector2( 2.5, -15 ) ]
}
tracks/7/type = "value"
tracks/7/path = NodePath("Player_Bicep:rotation_degrees")
tracks/7/interp = 1
tracks/7/loop_wrap = true
tracks/7/imported = false
tracks/7/enabled = true
tracks/7/keys = {
"times": PoolRealArray( 0, 0.5 ),
"transitions": PoolRealArray( 1, 1 ),
"update": 0,
"values": [ 4.46648, -101.228 ]
}
tracks/8/type = "value"
tracks/8/path = NodePath("Player_Head:position")
tracks/8/interp = 1
tracks/8/loop_wrap = true
tracks/8/imported = false
tracks/8/enabled = true
tracks/8/keys = {
"times": PoolRealArray( 0, 0.5 ),
"transitions": PoolRealArray( 1, 1 ),
"update": 0,
"values": [ Vector2( 0.5, -49 ), Vector2( 0.5, -49 ) ]
}
tracks/9/type = "value"
tracks/9/path = NodePath("Player_Head:rotation_degrees")
tracks/9/interp = 1
tracks/9/loop_wrap = true
tracks/9/imported = false
tracks/9/enabled = true
tracks/9/keys = {
"times": PoolRealArray( 0, 0.5 ),
"transitions": PoolRealArray( 1, 1 ),
"update": 0,
"values": [ 1.54128, 24.1842 ]
}
tracks/10/type = "value"
tracks/10/path = NodePath("Player_Thigh2/Player_Calf/Player_Foot:position")
tracks/10/interp = 1
tracks/10/loop_wrap = true
tracks/10/imported = false
tracks/10/enabled = true
tracks/10/keys = {
"times": PoolRealArray( 0, 0.5 ),
"transitions": PoolRealArray( 1, 1 ),
"update": 0,
"values": [ Vector2( -4.5, 90 ), Vector2( -4.5, 90 ) ]
}
tracks/11/type = "value"
tracks/11/path = NodePath("Player_Thigh2/Player_Calf/Player_Foot:rotation_degrees")
tracks/11/interp = 1
tracks/11/loop_wrap = true
tracks/11/imported = false
tracks/11/enabled = true
tracks/11/keys = {
"times": PoolRealArray( 0, 0.5 ),
"transitions": PoolRealArray( 1, 1 ),
"update": 0,
"values": [ 0.0, 0.0 ]
}
tracks/12/type = "value"
tracks/12/path = NodePath("Player_Thigh2/Player_Calf:position")
tracks/12/interp = 1
tracks/12/loop_wrap = true
tracks/12/imported = false
tracks/12/enabled = true
tracks/12/keys = {
"times": PoolRealArray( 0, 0.5 ),
"transitions": PoolRealArray( 1, 1 ),
"update": 0,
"values": [ Vector2( 4.5, 97.5 ), Vector2( 4.5, 97.5 ) ]
}
tracks/13/type = "value"
tracks/13/path = NodePath("Player_Thigh2/Player_Calf:rotation_degrees")
tracks/13/interp = 1
tracks/13/loop_wrap = true
tracks/13/imported = false
tracks/13/enabled = true
tracks/13/keys = {
"times": PoolRealArray( 0, 0.5 ),
"transitions": PoolRealArray( 1, 1 ),
"update": 0,
"values": [ 7.02121, 7.02121 ]
}
tracks/14/type = "value"
tracks/14/path = NodePath("Player_Thigh2:position")
tracks/14/interp = 1
tracks/14/loop_wrap = true
tracks/14/imported = false
tracks/14/enabled = true
tracks/14/keys = {
"times": PoolRealArray( 0, 0.5 ),
"transitions": PoolRealArray( 1, 1 ),
"update": 0,
"values": [ Vector2( -0.833329, 48.75 ), Vector2( -0.833329, 48.75 ) ]
}
tracks/15/type = "value"
tracks/15/path = NodePath("Player_Thigh2:rotation_degrees")
tracks/15/interp = 1
tracks/15/loop_wrap = true
tracks/15/imported = false
tracks/15/enabled = true
tracks/15/keys = {
"times": PoolRealArray( 0, 0.5 ),
"transitions": PoolRealArray( 1, 1 ),
"update": 0,
"values": [ -4.19669, -4.19669 ]
}
tracks/16/type = "value"
tracks/16/path = NodePath("Player_Thigh/Player_Calf/Player_Foot:position")
tracks/16/interp = 1
tracks/16/loop_wrap = true
tracks/16/imported = false
tracks/16/enabled = true
tracks/16/keys = {
"times": PoolRealArray( 0.5 ),
"transitions": PoolRealArray( 1 ),
"update": 0,
"values": [ Vector2( -12.5877, 86.2991 ) ]
}
tracks/17/type = "value"
tracks/17/path = NodePath("Player_Thigh/Player_Calf/Player_Foot:rotation_degrees")
tracks/17/interp = 1
tracks/17/loop_wrap = true
tracks/17/imported = false
tracks/17/enabled = true
tracks/17/keys = {
"times": PoolRealArray( 0.5 ),
"transitions": PoolRealArray( 1 ),
"update": 0,
"values": [ 0.0 ]
}
tracks/18/type = "value"
tracks/18/path = NodePath("Player_Thigh/Player_Calf:position")
tracks/18/interp = 1
tracks/18/loop_wrap = true
tracks/18/imported = false
tracks/18/enabled = true
tracks/18/keys = {
"times": PoolRealArray( 0.5 ),
"transitions": PoolRealArray( 1 ),
"update": 0,
"values": [ Vector2( 4.5, 97.5 ) ]
}
tracks/19/type = "value"
tracks/19/path = NodePath("Player_Thigh/Player_Calf:rotation_degrees")
tracks/19/interp = 1
tracks/19/loop_wrap = true
tracks/19/imported = false
tracks/19/enabled = true
tracks/19/keys = {
"times": PoolRealArray( 0.5 ),
"transitions": PoolRealArray( 1 ),
"update": 0,
"values": [ 0.0 ]
}
tracks/20/type = "value"
tracks/20/path = NodePath("Player_Thigh:position")
tracks/20/interp = 1
tracks/20/loop_wrap = true
tracks/20/imported = false
tracks/20/enabled = true
tracks/20/keys = {
"times": PoolRealArray( 0.5 ),
"transitions": PoolRealArray( 1 ),
"update": 0,
"values": [ Vector2( -0.735521, 48.0102 ) ]
}
tracks/21/type = "value"
tracks/21/path = NodePath("Player_Thigh:rotation_degrees")
tracks/21/interp = 1
tracks/21/loop_wrap = true
tracks/21/imported = false
tracks/21/enabled = true
tracks/21/keys = {
"times": PoolRealArray( 0.5 ),
"transitions": PoolRealArray( 1 ),
"update": 0,
"values": [ 0.0 ]
}

[sub_resource type="Animation" id=2]
resource_name = "Idle"
length = 5.0
loop = true
tracks/0/type = "bezier"
tracks/0/path = NodePath("Player_Bicep2:rotation_degrees")
tracks/0/interp = 1
tracks/0/loop_wrap = true
tracks/0/imported = false
tracks/0/enabled = true
tracks/0/keys = {
"points": PoolRealArray( 0, -0.25, 0, 0.25, 0, 12.7546, -0.25, 0, 0.25, 0, 0, -0.25, 0, 0.25, 0 ),
"times": PoolRealArray( 0, 2.5, 5 )
}
tracks/1/type = "bezier"
tracks/1/path = NodePath("Player_Bicep:rotation_degrees")
tracks/1/interp = 1
tracks/1/loop_wrap = true
tracks/1/imported = false
tracks/1/enabled = true
tracks/1/keys = {
"points": PoolRealArray( 0, -0.25, 0, 0.25, 0, 11.4798, -0.25, 0, 0.25, 0, 0, -0.25, 0, 0.25, 0 ),
"times": PoolRealArray( 0, 2.5, 5 )
}
tracks/2/type = "bezier"
tracks/2/path = NodePath("Player_Thigh2:rotation_degrees")
tracks/2/interp = 1
tracks/2/loop_wrap = true
tracks/2/imported = false
tracks/2/enabled = true
tracks/2/keys = {
"points": PoolRealArray( 0, -0.25, 0, 0.25, 0, -10.7864, -0.25, 0, 0.25, 0, 0, -0.25, 0, 0.25, 0 ),
"times": PoolRealArray( 0, 2.5, 5 )
}
tracks/3/type = "bezier"
tracks/3/path = NodePath("Player_Thigh2/Player_Calf:rotation_degrees")
tracks/3/interp = 1
tracks/3/loop_wrap = true
tracks/3/imported = false
tracks/3/enabled = true
tracks/3/keys = {
"points": PoolRealArray( 0, -0.25, 0, 0.25, 0, 18.046, -0.25, 0, 0.25, 0, 0, -0.25, 0, 0.25, 0 ),
"times": PoolRealArray( 0, 2.5, 5 )
}
tracks/4/type = "bezier"
tracks/4/path = NodePath("Player_Head:rotation_degrees")
tracks/4/interp = 1
tracks/4/loop_wrap = true
tracks/4/imported = false
tracks/4/enabled = true
tracks/4/keys = {
"points": PoolRealArray( 0, -0.25, 0, 0.25, 0, 3.96141, -0.25, 0, 0.25, 0, 0, -0.25, 0, 0.25, 0 ),
"times": PoolRealArray( 0, 2.5, 5 )
}
tracks/5/type = "value"
tracks/5/path = NodePath("Player_Bicep2/Player_Hand:rotation_degrees")
tracks/5/interp = 1
tracks/5/loop_wrap = true
tracks/5/imported = false
tracks/5/enabled = true
tracks/5/keys = {
"times": PoolRealArray( 0 ),
"transitions": PoolRealArray( 1 ),
"update": 0,
"values": [ 0.0 ]
}
tracks/6/type = "value"
tracks/6/path = NodePath("Player_Bicep/Player_Hand:rotation_degrees")
tracks/6/interp = 1
tracks/6/loop_wrap = true
tracks/6/imported = false
tracks/6/enabled = true
tracks/6/keys = {
"times": PoolRealArray( 0 ),
"transitions": PoolRealArray( 1 ),
"update": 0,
"values": [ 0.0 ]
}
tracks/7/type = "value"
tracks/7/path = NodePath(".:rotation_degrees")
tracks/7/interp = 1
tracks/7/loop_wrap = true
tracks/7/imported = false
tracks/7/enabled = true
tracks/7/keys = {
"times": PoolRealArray( 0 ),
"transitions": PoolRealArray( 1 ),
"update": 0,
"values": [ 0.0 ]
}
tracks/8/type = "value"
tracks/8/path = NodePath("Player_Thigh/Player_Calf:rotation_degrees")
tracks/8/interp = 1
tracks/8/loop_wrap = true
tracks/8/imported = false
tracks/8/enabled = true
tracks/8/keys = {
"times": PoolRealArray( 0 ),
"transitions": PoolRealArray( 1 ),
"update": 0,
"values": [ 0.0 ]
}
tracks/9/type = "value"
tracks/9/path = NodePath("Player_Thigh:rotation_degrees")
tracks/9/interp = 1
tracks/9/loop_wrap = true
tracks/9/imported = false
tracks/9/enabled = true
tracks/9/keys = {
"times": PoolRealArray( 0 ),
"transitions": PoolRealArray( 1 ),
"update": 0,
"values": [ 0.0 ]
}
tracks/10/type = "value"
tracks/10/path = NodePath("Player_Thigh/Player_Calf/Player_Foot:rotation_degrees")
tracks/10/interp = 1
tracks/10/loop_wrap = true
tracks/10/imported = false
tracks/10/enabled = true
tracks/10/keys = {
"times": PoolRealArray( 0 ),
"transitions": PoolRealArray( 1 ),
"update": 0,
"values": [ 0.0 ]
}
tracks/11/type = "value"
tracks/11/path = NodePath("Player_Thigh2/Player_Calf/Player_Foot:rotation_degrees")
tracks/11/interp = 1
tracks/11/loop_wrap = true
tracks/11/imported = false
tracks/11/enabled = true
tracks/11/keys = {
"times": PoolRealArray( 0 ),
"transitions": PoolRealArray( 1 ),
"update": 0,
"values": [ 0.0 ]
}
tracks/12/type = "value"
tracks/12/path = NodePath("..:rotation_degrees")
tracks/12/interp = 1
tracks/12/loop_wrap = true
tracks/12/imported = false
tracks/12/enabled = true
tracks/12/keys = {
"times": PoolRealArray( 0 ),
"transitions": PoolRealArray( 1 ),
"update": 0,
"values": [ 0.0 ]
}
tracks/13/type = "value"
tracks/13/path = NodePath(".:position")
tracks/13/interp = 1
tracks/13/loop_wrap = true
tracks/13/imported = false
tracks/13/enabled = true
tracks/13/keys = {
"times": PoolRealArray( 0 ),
"transitions": PoolRealArray( 1 ),
"update": 0,
"values": [ Vector2( 0, 32 ) ]
}
tracks/14/type = "value"
tracks/14/path = NodePath("Player_Bicep2:position")
tracks/14/interp = 1
tracks/14/loop_wrap = true
tracks/14/imported = false
tracks/14/enabled = true
tracks/14/keys = {
"times": PoolRealArray( 0 ),
"transitions": PoolRealArray( 1 ),
"update": 0,
"values": [ Vector2( 2.5, -15 ) ]
}
tracks/15/type = "value"
tracks/15/path = NodePath("Player_Bicep:position")
tracks/15/interp = 1
tracks/15/loop_wrap = true
tracks/15/imported = false
tracks/15/enabled = true
tracks/15/keys = {
"times": PoolRealArray( 0 ),
"transitions": PoolRealArray( 1 ),
"update": 0,
"values": [ Vector2( 2.5, -15 ) ]
}
tracks/16/type = "value"
tracks/16/path = NodePath("Player_Thigh2:position")
tracks/16/interp = 1
tracks/16/loop_wrap = true
tracks/16/imported = false
tracks/16/enabled = true
tracks/16/keys = {
"times": PoolRealArray( 0 ),
"transitions": PoolRealArray( 1 ),
"update": 0,
"values": [ Vector2( -0.833329, 48.75 ) ]
}
tracks/17/type = "value"
tracks/17/path = NodePath("Player_Thigh:position")
tracks/17/interp = 1
tracks/17/loop_wrap = true
tracks/17/imported = false
tracks/17/enabled = true
tracks/17/keys = {
"times": PoolRealArray( 0 ),
"transitions": PoolRealArray( 1 ),
"update": 0,
"values": [ Vector2( 7.91667, 49.5833 ) ]
}

[sub_resource type="Animation" id=3]
resource_name = "Oh_no"
length = 5.0
loop = true
tracks/0/type = "bezier"
tracks/0/path = NodePath("Player_Bicep2:rotation_degrees")
tracks/0/interp = 1
tracks/0/loop_wrap = true
tracks/0/imported = false
tracks/0/enabled = true
tracks/0/keys = {
"points": PoolRealArray( 0, -0.25, 0, 0.25, 0, -22.4964, -0.25, 0, 0.25, 0, 0, -0.25, 0, 0.25, 0 ),
"times": PoolRealArray( 0, 2.5, 5 )
}
tracks/1/type = "bezier"
tracks/1/path = NodePath("Player_Bicep:rotation_degrees")
tracks/1/interp = 1
tracks/1/loop_wrap = true
tracks/1/imported = false
tracks/1/enabled = true
tracks/1/keys = {
"points": PoolRealArray( 0, -0.25, 0, 0.25, 0, -23.7712, -0.25, 0, 0.25, 0, 0, -0.25, 0, 0.25, 0 ),
"times": PoolRealArray( 0, 2.5, 5 )
}
tracks/2/type = "bezier"
tracks/2/path = NodePath("Player_Thigh2:rotation_degrees")
tracks/2/interp = 1
tracks/2/loop_wrap = true
tracks/2/imported = false
tracks/2/enabled = true
tracks/2/keys = {
"points": PoolRealArray( 0, -0.25, 0, 0.25, 0, -10.7864, -0.25, 0, 0.25, 0, 0, -0.25, 0, 0.25, 0 ),
"times": PoolRealArray( 0, 2.5, 5 )
}
tracks/3/type = "bezier"
tracks/3/path = NodePath("Player_Thigh2/Player_Calf:rotation_degrees")
tracks/3/interp = 1
tracks/3/loop_wrap = true
tracks/3/imported = false
tracks/3/enabled = true
tracks/3/keys = {
"points": PoolRealArray( 0, -0.25, 0, 0.25, 0, 18.046, -0.25, 0, 0.25, 0, 0, -0.25, 0, 0.25, 0 ),
"times": PoolRealArray( 0, 2.5, 5 )
}
tracks/4/type = "bezier"
tracks/4/path = NodePath("Player_Head:rotation_degrees")
tracks/4/interp = 1
tracks/4/loop_wrap = true
tracks/4/imported = false
tracks/4/enabled = true
tracks/4/keys = {
"points": PoolRealArray( 0, -0.25, 0, 0.25, 0, 22.8916, -0.25, 0, 0.25, 0, 0, -0.25, 0, 0.25, 0 ),
"times": PoolRealArray( 0, 2.5, 5 )
}
tracks/5/type = "value"
tracks/5/path = NodePath("Player_Bicep2/Player_Hand:rotation_degrees")
tracks/5/interp = 1
tracks/5/loop_wrap = true
tracks/5/imported = false
tracks/5/enabled = true
tracks/5/keys = {
"times": PoolRealArray( 0 ),
"transitions": PoolRealArray( 1 ),
"update": 0,
"values": [ 0.0 ]
}
tracks/6/type = "value"
tracks/6/path = NodePath("Player_Bicep/Player_Hand:rotation_degrees")
tracks/6/interp = 1
tracks/6/loop_wrap = true
tracks/6/imported = false
tracks/6/enabled = true
tracks/6/keys = {
"times": PoolRealArray( 0 ),
"transitions": PoolRealArray( 1 ),
"update": 0,
"values": [ 0.0 ]
}
tracks/7/type = "value"
tracks/7/path = NodePath(".:rotation_degrees")
tracks/7/interp = 1
tracks/7/loop_wrap = true
tracks/7/imported = false
tracks/7/enabled = true
tracks/7/keys = {
"times": PoolRealArray( 0 ),
"transitions": PoolRealArray( 1 ),
"update": 0,
"values": [ 0.0 ]
}
tracks/8/type = "value"
tracks/8/path = NodePath("Player_Thigh/Player_Calf:rotation_degrees")
tracks/8/interp = 1
tracks/8/loop_wrap = true
tracks/8/imported = false
tracks/8/enabled = true
tracks/8/keys = {
"times": PoolRealArray( 0 ),
"transitions": PoolRealArray( 1 ),
"update": 0,
"values": [ 0.0 ]
}
tracks/9/type = "value"
tracks/9/path = NodePath("Player_Thigh:rotation_degrees")
tracks/9/interp = 1
tracks/9/loop_wrap = true
tracks/9/imported = false
tracks/9/enabled = true
tracks/9/keys = {
"times": PoolRealArray( 0 ),
"transitions": PoolRealArray( 1 ),
"update": 0,
"values": [ 0.0 ]
}
tracks/10/type = "value"
tracks/10/path = NodePath("Player_Thigh/Player_Calf/Player_Foot:rotation_degrees")
tracks/10/interp = 1
tracks/10/loop_wrap = true
tracks/10/imported = false
tracks/10/enabled = true
tracks/10/keys = {
"times": PoolRealArray( 0 ),
"transitions": PoolRealArray( 1 ),
"update": 0,
"values": [ 0.0 ]
}
tracks/11/type = "value"
tracks/11/path = NodePath("Player_Thigh2/Player_Calf/Player_Foot:rotation_degrees")
tracks/11/interp = 1
tracks/11/loop_wrap = true
tracks/11/imported = false
tracks/11/enabled = true
tracks/11/keys = {
"times": PoolRealArray( 0 ),
"transitions": PoolRealArray( 1 ),
"update": 0,
"values": [ 0.0 ]
}
tracks/12/type = "value"
tracks/12/path = NodePath("..:rotation_degrees")
tracks/12/interp = 1
tracks/12/loop_wrap = true
tracks/12/imported = false
tracks/12/enabled = true
tracks/12/keys = {
"times": PoolRealArray( 0 ),
"transitions": PoolRealArray( 1 ),
"update": 0,
"values": [ 0.0 ]
}
tracks/13/type = "value"
tracks/13/path = NodePath(".:position")
tracks/13/interp = 1
tracks/13/loop_wrap = true
tracks/13/imported = false
tracks/13/enabled = true
tracks/13/keys = {
"times": PoolRealArray( 0 ),
"transitions": PoolRealArray( 1 ),
"update": 0,
"values": [ Vector2( 0, 32 ) ]
}
tracks/14/type = "value"
tracks/14/path = NodePath("Player_Bicep2:position")
tracks/14/interp = 1
tracks/14/loop_wrap = true
tracks/14/imported = false
tracks/14/enabled = true
tracks/14/keys = {
"times": PoolRealArray( 0 ),
"transitions": PoolRealArray( 1 ),
"update": 0,
"values": [ Vector2( 2.5, -15 ) ]
}
tracks/15/type = "value"
tracks/15/path = NodePath("Player_Bicep:position")
tracks/15/interp = 1
tracks/15/loop_wrap = true
tracks/15/imported = false
tracks/15/enabled = true
tracks/15/keys = {
"times": PoolRealArray( 0 ),
"transitions": PoolRealArray( 1 ),
"update": 0,
"values": [ Vector2( 2.5, -15 ) ]
}
tracks/16/type = "value"
tracks/16/path = NodePath("Player_Thigh2:position")
tracks/16/interp = 1
tracks/16/loop_wrap = true
tracks/16/imported = false
tracks/16/enabled = true
tracks/16/keys = {
"times": PoolRealArray( 0 ),
"transitions": PoolRealArray( 1 ),
"update": 0,
"values": [ Vector2( -0.833329, 48.75 ) ]
}
tracks/17/type = "value"
tracks/17/path = NodePath("Player_Thigh:position")
tracks/17/interp = 1
tracks/17/loop_wrap = true
tracks/17/imported = false
tracks/17/enabled = true
tracks/17/keys = {
"times": PoolRealArray( 0 ),
"transitions": PoolRealArray( 1 ),
"update": 0,
"values": [ Vector2( -0.735521, 48.0102 ) ]
}
tracks/18/type = "value"
tracks/18/path = NodePath("Player_Head:position")
tracks/18/interp = 1
tracks/18/loop_wrap = true
tracks/18/imported = false
tracks/18/enabled = true
tracks/18/keys = {
"times": PoolRealArray( 0 ),
"transitions": PoolRealArray( 1 ),
"update": 0,
"values": [ Vector2( 0.5, -49 ) ]
}

[sub_resource type="Animation" id=4]
resource_name = "Run"
length = 0.5
loop = true
tracks/0/type = "value"
tracks/0/path = NodePath("Player_Thigh/Player_Calf:rotation_degrees")
tracks/0/interp = 1
tracks/0/loop_wrap = true
tracks/0/imported = false
tracks/0/enabled = true
tracks/0/keys = {
"times": PoolRealArray( 0, 0.1, 0.2, 0.3, 0.4, 0.5 ),
"transitions": PoolRealArray( 1, 1, 1, 1, 1, 1 ),
"update": 0,
"values": [ 94.2882, 96.6356, 84.4331, 87.8992, 50.6061, -4.42563 ]
}
tracks/1/type = "value"
tracks/1/path = NodePath("Player_Thigh:rotation_degrees")
tracks/1/interp = 1
tracks/1/loop_wrap = true
tracks/1/imported = false
tracks/1/enabled = true
tracks/1/keys = {
"times": PoolRealArray( 0, 0.1, 0.2, 0.3, 0.4, 0.5 ),
"transitions": PoolRealArray( 1, 1, 1, 1, 1, 1 ),
"update": 0,
"values": [ 32.5752, 23.0448, -30.4739, -68.3719, -80.7165, -48.07 ]
}
tracks/2/type = "value"
tracks/2/path = NodePath("Player_Thigh/Player_Calf/Player_Foot:rotation_degrees")
tracks/2/interp = 1
tracks/2/loop_wrap = true
tracks/2/imported = false
tracks/2/enabled = true
tracks/2/keys = {
"times": PoolRealArray( 0, 0.1, 0.2, 0.3, 0.4, 0.5 ),
"transitions": PoolRealArray( 1, 1, 1, 1, 1, 1 ),
"update": 0,
"values": [ 4.35393, -16.2027, -51.3933, -16.9613, 32.6764, 13.9893 ]
}
tracks/3/type = "value"
tracks/3/path = NodePath("Player_Thigh2/Player_Calf:rotation_degrees")
tracks/3/interp = 1
tracks/3/loop_wrap = true
tracks/3/imported = false
tracks/3/enabled = true
tracks/3/keys = {
"times": PoolRealArray( 0, 0.1, 0.2, 0.3, 0.4, 0.5 ),
"transitions": PoolRealArray( 1, 1, 1, 1, 1, 1 ),
"update": 0,
"values": [ -9.12877, 47.7721, 53.5422, 32.5009, 21.5335, 94.6797 ]
}
tracks/4/type = "value"
tracks/4/path = NodePath("Player_Thigh2:rotation_degrees")
tracks/4/interp = 1
tracks/4/loop_wrap = true
tracks/4/imported = false
tracks/4/enabled = true
tracks/4/keys = {
"times": PoolRealArray( 0, 0.1, 0.2, 0.3, 0.4, 0.5 ),
"transitions": PoolRealArray( 1, 1, 1, 1, 1, 1 ),
"update": 0,
"values": [ -45.3224, -45.3224, -26.3886, 22.7214, 49.704, 32.3438 ]
}
tracks/5/type = "value"
tracks/5/path = NodePath("Player_Thigh2/Player_Calf/Player_Foot:rotation_degrees")
tracks/5/interp = 1
tracks/5/loop_wrap = true
tracks/5/imported = false
tracks/5/enabled = true
tracks/5/keys = {
"times": PoolRealArray( 0, 0.1, 0.2, 0.3, 0.4, 0.5 ),
"transitions": PoolRealArray( 1, 1, 1, 1, 1, 1 ),
"update": 0,
"values": [ 10.1402, -7.83084, -33.2409, -44.7897, 5.2011, 4.50667 ]
}
tracks/6/type = "value"
tracks/6/path = NodePath("..:rotation_degrees")
tracks/6/interp = 1
tracks/6/loop_wrap = true
tracks/6/imported = false
tracks/6/enabled = true
tracks/6/keys = {
"times": PoolRealArray( 0, 0.1, 0.2, 0.3, 0.4, 0.5 ),
"transitions": PoolRealArray( 1, 1, 1, 1, 1, 1 ),
"update": 0,
"values": [ 0.0, 0.0, 0.0, 0.0, 0.0, 0.0 ]
}
tracks/7/type = "value"
tracks/7/path = NodePath("Player_Bicep2/Player_Hand:rotation_degrees")
tracks/7/interp = 1
tracks/7/loop_wrap = true
tracks/7/imported = false
tracks/7/enabled = true
tracks/7/keys = {
"times": PoolRealArray( 0 ),
"transitions": PoolRealArray( 1 ),
"update": 0,
"values": [ -83.8429 ]
}
tracks/8/type = "value"
tracks/8/path = NodePath("Player_Bicep2:rotation_degrees")
tracks/8/interp = 1
tracks/8/loop_wrap = true
tracks/8/imported = false
tracks/8/enabled = true
tracks/8/keys = {
"times": PoolRealArray( 0 ),
"transitions": PoolRealArray( 1 ),
"update": 0,
"values": [ 62.4263 ]
}
tracks/9/type = "value"
tracks/9/path = NodePath("Player_Bicep/Player_Hand:rotation_degrees")
tracks/9/interp = 1
tracks/9/loop_wrap = true
tracks/9/imported = false
tracks/9/enabled = true
tracks/9/keys = {
"times": PoolRealArray( 0 ),
"transitions": PoolRealArray( 1 ),
"update": 0,
"values": [ 101.838 ]
}
tracks/10/type = "value"
tracks/10/path = NodePath("Player_Bicep:rotation_degrees")
tracks/10/interp = 1
tracks/10/loop_wrap = true
tracks/10/imported = false
tracks/10/enabled = true
tracks/10/keys = {
"times": PoolRealArray( 0 ),
"transitions": PoolRealArray( 1 ),
"update": 0,
"values": [ -50.4118 ]
}
tracks/11/type = "value"
tracks/11/path = NodePath("Player_Bicep:position")
tracks/11/interp = 1
tracks/11/loop_wrap = true
tracks/11/imported = false
tracks/11/enabled = true
tracks/11/keys = {
"times": PoolRealArray( 0.272447 ),
"transitions": PoolRealArray( 1 ),
"update": 0,
"values": [ Vector2( 40, -21.7957 ) ]
}
tracks/12/type = "value"
tracks/12/path = NodePath("Player_Bicep2:position")
tracks/12/interp = 1
tracks/12/loop_wrap = true
tracks/12/imported = false
tracks/12/enabled = true
tracks/12/keys = {
"times": PoolRealArray( 0.272447 ),
"transitions": PoolRealArray( 1 ),
"update": 0,
"values": [ Vector2( -32, -21.7957 ) ]
}
tracks/13/type = "value"
tracks/13/path = NodePath("../PlayerRobe:visible")
tracks/13/interp = 1
tracks/13/loop_wrap = true
tracks/13/imported = false
tracks/13/enabled = true
tracks/13/keys = {
"times": PoolRealArray( 0 ),
"transitions": PoolRealArray( 1 ),
"update": 1,
"values": [ false ]
}
tracks/14/type = "value"
tracks/14/path = NodePath(".:position")
tracks/14/interp = 1
tracks/14/loop_wrap = true
tracks/14/imported = false
tracks/14/enabled = true
tracks/14/keys = {
"times": PoolRealArray( 0 ),
"transitions": PoolRealArray( 1 ),
"update": 0,
"values": [ Vector2( 0, 40 ) ]
}
tracks/15/type = "value"
tracks/15/path = NodePath("Player_Thigh:position")
tracks/15/interp = 1
tracks/15/loop_wrap = true
tracks/15/imported = false
tracks/15/enabled = true
tracks/15/keys = {
"times": PoolRealArray( 0 ),
"transitions": PoolRealArray( 1 ),
"update": 0,
"values": [ Vector2( 1.43051e-06, 53.3333 ) ]
}
tracks/16/type = "value"
tracks/16/path = NodePath("Player_Thigh2:position")
tracks/16/interp = 1
tracks/16/loop_wrap = true
tracks/16/imported = false
tracks/16/enabled = true
tracks/16/keys = {
"times": PoolRealArray( 0 ),
"transitions": PoolRealArray( 1 ),
"update": 0,
"values": [ Vector2( 4.76837e-06, 53.3333 ) ]
}
tracks/17/type = "value"
tracks/17/path = NodePath("Player_Head:position")
tracks/17/interp = 1
tracks/17/loop_wrap = true
tracks/17/imported = false
tracks/17/enabled = true
tracks/17/keys = {
"times": PoolRealArray( 0 ),
"transitions": PoolRealArray( 1 ),
"update": 0,
"values": [ Vector2( 0.5, -49 ) ]
}
tracks/18/type = "value"
tracks/18/path = NodePath("Player_Head:rotation_degrees")
tracks/18/interp = 1
tracks/18/loop_wrap = true
tracks/18/imported = false
tracks/18/enabled = true
tracks/18/keys = {
"times": PoolRealArray( 0 ),
"transitions": PoolRealArray( 1 ),
"update": 0,
"values": [ 0.0 ]
}

[sub_resource type="Animation" id=5]
resource_name = "Sitting"
length = 0.001
tracks/0/type = "value"
tracks/0/path = NodePath(".:rotation_degrees")
tracks/0/interp = 1
tracks/0/loop_wrap = true
tracks/0/imported = false
tracks/0/enabled = true
tracks/0/keys = {
"times": PoolRealArray( 0 ),
"transitions": PoolRealArray( 1 ),
"update": 0,
"values": [ 0.0 ]
}
tracks/1/type = "value"
tracks/1/path = NodePath("Player_Head:rotation_degrees")
tracks/1/interp = 1
tracks/1/loop_wrap = true
tracks/1/imported = false
tracks/1/enabled = true
tracks/1/keys = {
"times": PoolRealArray( 0 ),
"transitions": PoolRealArray( 1 ),
"update": 0,
"values": [ 1.88726 ]
}
tracks/2/type = "value"
tracks/2/path = NodePath("Player_Thigh:rotation_degrees")
tracks/2/interp = 1
tracks/2/loop_wrap = true
tracks/2/imported = false
tracks/2/enabled = true
tracks/2/keys = {
"times": PoolRealArray( 0 ),
"transitions": PoolRealArray( 1 ),
"update": 0,
"values": [ -65.2215 ]
}
tracks/3/type = "value"
tracks/3/path = NodePath("Player_Bicep/Player_Hand:rotation_degrees")
tracks/3/interp = 1
tracks/3/loop_wrap = true
tracks/3/imported = false
tracks/3/enabled = true
tracks/3/keys = {
"times": PoolRealArray( 0 ),
"transitions": PoolRealArray( 1 ),
"update": 0,
"values": [ -20.7714 ]
}
tracks/4/type = "value"
tracks/4/path = NodePath("Player_Bicep:rotation_degrees")
tracks/4/interp = 1
tracks/4/loop_wrap = true
tracks/4/imported = false
tracks/4/enabled = true
tracks/4/keys = {
"times": PoolRealArray( 0 ),
"transitions": PoolRealArray( 1 ),
"update": 0,
"values": [ -35.2438 ]
}
tracks/5/type = "value"
tracks/5/path = NodePath("Player_Thigh/Player_Calf:rotation_degrees")
tracks/5/interp = 1
tracks/5/loop_wrap = true
tracks/5/imported = false
tracks/5/enabled = true
tracks/5/keys = {
"times": PoolRealArray( 0 ),
"transitions": PoolRealArray( 1 ),
"update": 0,
"values": [ 73.2893 ]
}
tracks/6/type = "value"
tracks/6/path = NodePath("Player_Thigh/Player_Calf/Player_Foot:rotation_degrees")
tracks/6/interp = 1
tracks/6/loop_wrap = true
tracks/6/imported = false
tracks/6/enabled = true
tracks/6/keys = {
"times": PoolRealArray( 0 ),
"transitions": PoolRealArray( 1 ),
"update": 0,
"values": [ -2.7292 ]
}
tracks/7/type = "value"
tracks/7/path = NodePath("Player_Thigh2:rotation_degrees")
tracks/7/interp = 1
tracks/7/loop_wrap = true
tracks/7/imported = false
tracks/7/enabled = true
tracks/7/keys = {
"times": PoolRealArray( 0 ),
"transitions": PoolRealArray( 1 ),
"update": 0,
"values": [ -36.0325 ]
}
tracks/8/type = "value"
tracks/8/path = NodePath("Player_Thigh2/Player_Calf:rotation_degrees")
tracks/8/interp = 1
tracks/8/loop_wrap = true
tracks/8/imported = false
tracks/8/enabled = true
tracks/8/keys = {
"times": PoolRealArray( 0 ),
"transitions": PoolRealArray( 1 ),
"update": 0,
"values": [ 78.7026 ]
}
tracks/9/type = "value"
tracks/9/path = NodePath("Player_Thigh2/Player_Calf/Player_Foot:rotation_degrees")
tracks/9/interp = 1
tracks/9/loop_wrap = true
tracks/9/imported = false
tracks/9/enabled = true
tracks/9/keys = {
"times": PoolRealArray( 0 ),
"transitions": PoolRealArray( 1 ),
"update": 0,
"values": [ -42.6169 ]
}
tracks/10/type = "value"
tracks/10/path = NodePath("Player_Bicep2:rotation_degrees")
tracks/10/interp = 1
tracks/10/loop_wrap = true
tracks/10/imported = false
tracks/10/enabled = true
tracks/10/keys = {
"times": PoolRealArray( 0 ),
"transitions": PoolRealArray( 1 ),
"update": 0,
"values": [ 35.4384 ]
}
tracks/11/type = "value"
tracks/11/path = NodePath("Player_Bicep2/Player_Hand:rotation_degrees")
tracks/11/interp = 1
tracks/11/loop_wrap = true
tracks/11/imported = false
tracks/11/enabled = true
tracks/11/keys = {
"times": PoolRealArray( 0 ),
"transitions": PoolRealArray( 1 ),
"update": 0,
"values": [ -57.5158 ]
}
tracks/12/type = "value"
tracks/12/path = NodePath(".:position")
tracks/12/interp = 1
tracks/12/loop_wrap = true
tracks/12/imported = false
tracks/12/enabled = true
tracks/12/keys = {
"times": PoolRealArray( 0 ),
"transitions": PoolRealArray( 1 ),
"update": 0,
"values": [ Vector2( -0.471954, 72.9926 ) ]
}
tracks/13/type = "value"
tracks/13/path = NodePath("Player_Bicep2:position")
tracks/13/interp = 1
tracks/13/loop_wrap = true
tracks/13/imported = false
tracks/13/enabled = true
tracks/13/keys = {
"times": PoolRealArray( 0 ),
"transitions": PoolRealArray( 1 ),
"update": 0,
"values": [ Vector2( -25.8801, -41.6543 ) ]
}
tracks/14/type = "value"
tracks/14/path = NodePath("Player_Bicep:position")
tracks/14/interp = 1
tracks/14/loop_wrap = true
tracks/14/imported = false
tracks/14/enabled = true
tracks/14/keys = {
"times": PoolRealArray( 0 ),
"transitions": PoolRealArray( 1 ),
"update": 0,
"values": [ Vector2( 27.4533, -41.6543 ) ]
}

[sub_resource type="Animation" id=6]
resource_name = "Walk_Redeemed"
loop = true
tracks/0/type = "value"
tracks/0/path = NodePath("../PlayerRobe:visible")
tracks/0/interp = 1
tracks/0/loop_wrap = true
tracks/0/imported = false
tracks/0/enabled = true
tracks/0/keys = {
"times": PoolRealArray( 0 ),
"transitions": PoolRealArray( 1 ),
"update": 1,
"values": [ true ]
}
tracks/1/type = "value"
tracks/1/path = NodePath("Player_Thigh/Player_Calf/Player_Foot:position")
tracks/1/interp = 1
tracks/1/loop_wrap = true
tracks/1/imported = false
tracks/1/enabled = true
tracks/1/keys = {
"times": PoolRealArray( 0, 1 ),
"transitions": PoolRealArray( 1, 1 ),
"update": 0,
"values": [ Vector2( -12.5877, 86.2991 ), Vector2( -12.5877, 86.2991 ) ]
}
tracks/2/type = "value"
tracks/2/path = NodePath("Player_Thigh/Player_Calf/Player_Foot:rotation_degrees")
tracks/2/interp = 1
tracks/2/loop_wrap = true
tracks/2/imported = false
tracks/2/enabled = true
tracks/2/keys = {
"times": PoolRealArray( 0, 1 ),
"transitions": PoolRealArray( 1, 1 ),
"update": 0,
"values": [ 16.6171, -4.96565 ]
}
tracks/3/type = "value"
tracks/3/path = NodePath("Player_Thigh/Player_Calf:position")
tracks/3/interp = 1
tracks/3/loop_wrap = true
tracks/3/imported = false
tracks/3/enabled = true
tracks/3/keys = {
"times": PoolRealArray( 0, 1 ),
"transitions": PoolRealArray( 1, 1 ),
"update": 0,
"values": [ Vector2( 4.5, 97.5 ), Vector2( 4.5, 97.5 ) ]
}
tracks/4/type = "value"
tracks/4/path = NodePath("Player_Thigh/Player_Calf:rotation_degrees")
tracks/4/interp = 1
tracks/4/loop_wrap = true
tracks/4/imported = false
tracks/4/enabled = true
tracks/4/keys = {
"times": PoolRealArray( 0, 1 ),
"transitions": PoolRealArray( 1, 1 ),
"update": 0,
"values": [ -10.3667, -11.7973 ]
}
tracks/5/type = "value"
tracks/5/path = NodePath("Player_Thigh:position")
tracks/5/interp = 1
tracks/5/loop_wrap = true
tracks/5/imported = false
tracks/5/enabled = true
tracks/5/keys = {
"times": PoolRealArray( 0, 1 ),
"transitions": PoolRealArray( 1, 1 ),
"update": 0,
"values": [ Vector2( 0.5, 30 ), Vector2( 0.5, 30 ) ]
}
tracks/6/type = "value"
tracks/6/path = NodePath("Player_Thigh:rotation_degrees")
tracks/6/interp = 1
tracks/6/loop_wrap = true
tracks/6/imported = false
tracks/6/enabled = true
tracks/6/keys = {
"times": PoolRealArray( 0, 1 ),
"transitions": PoolRealArray( 1, 1 ),
"update": 0,
"values": [ -6.31983, 16.3019 ]
}
tracks/7/type = "value"
tracks/7/path = NodePath("Player_Thigh2/Player_Calf/Player_Foot:position")
tracks/7/interp = 1
tracks/7/loop_wrap = true
tracks/7/imported = false
tracks/7/enabled = true
tracks/7/keys = {
"times": PoolRealArray( 0, 1 ),
"transitions": PoolRealArray( 1, 1 ),
"update": 0,
"values": [ Vector2( -4.5, 90 ), Vector2( -4.5, 90 ) ]
}
tracks/8/type = "value"
tracks/8/path = NodePath("Player_Thigh2/Player_Calf/Player_Foot:rotation_degrees")
tracks/8/interp = 1
tracks/8/loop_wrap = true
tracks/8/imported = false
tracks/8/enabled = true
tracks/8/keys = {
"times": PoolRealArray( 0, 1 ),
"transitions": PoolRealArray( 1, 1 ),
"update": 0,
"values": [ -10.6992, 7.55565 ]
}
tracks/9/type = "value"
tracks/9/path = NodePath("Player_Thigh2/Player_Calf:position")
tracks/9/interp = 1
tracks/9/loop_wrap = true
tracks/9/imported = false
tracks/9/enabled = true
tracks/9/keys = {
"times": PoolRealArray( 0, 1 ),
"transitions": PoolRealArray( 1, 1 ),
"update": 0,
"values": [ Vector2( 4.5, 97.5 ), Vector2( 4.5, 97.5 ) ]
}
tracks/10/type = "value"
tracks/10/path = NodePath("Player_Thigh2/Player_Calf:rotation_degrees")
tracks/10/interp = 1
tracks/10/loop_wrap = true
tracks/10/imported = false
tracks/10/enabled = true
tracks/10/keys = {
"times": PoolRealArray( 0, 1 ),
"transitions": PoolRealArray( 1, 1 ),
"update": 0,
"values": [ -4.40823, -6.39165 ]
}
tracks/11/type = "value"
tracks/11/path = NodePath("Player_Thigh2:position")
tracks/11/interp = 1
tracks/11/loop_wrap = true
tracks/11/imported = false
tracks/11/enabled = true
tracks/11/keys = {
"times": PoolRealArray( 0, 1 ),
"transitions": PoolRealArray( 1, 1 ),
"update": 0,
"values": [ Vector2( 0, 30 ), Vector2( 0, 30 ) ]
}
tracks/12/type = "value"
tracks/12/path = NodePath("Player_Thigh2:rotation_degrees")
tracks/12/interp = 1
tracks/12/loop_wrap = true
tracks/12/imported = false
tracks/12/enabled = true
tracks/12/keys = {
"times": PoolRealArray( 0, 1 ),
"transitions": PoolRealArray( 1, 1 ),
"update": 0,
"values": [ 14.8565, -1.65178 ]
}
tracks/13/type = "value"
tracks/13/path = NodePath(".:position")
tracks/13/interp = 1
tracks/13/loop_wrap = true
tracks/13/imported = false
tracks/13/enabled = true
tracks/13/keys = {
"times": PoolRealArray( 0 ),
"transitions": PoolRealArray( 1 ),
"update": 0,
"values": [ Vector2( 0.198425, 35.9685 ) ]
}
tracks/14/type = "value"
tracks/14/path = NodePath("Player_Bicep2/Player_Hand:rotation_degrees")
tracks/14/interp = 1
tracks/14/loop_wrap = true
tracks/14/imported = false
tracks/14/enabled = true
tracks/14/keys = {
"times": PoolRealArray( 0 ),
"transitions": PoolRealArray( 1 ),
"update": 0,
"values": [ -28.1594 ]
}
tracks/15/type = "value"
tracks/15/path = NodePath("Player_Bicep2:rotation_degrees")
tracks/15/interp = 1
tracks/15/loop_wrap = true
tracks/15/imported = false
tracks/15/enabled = true
tracks/15/keys = {
"times": PoolRealArray( 0 ),
"transitions": PoolRealArray( 1 ),
"update": 0,
"values": [ 8.2385 ]
}
tracks/16/type = "value"
tracks/16/path = NodePath("Player_Bicep/Player_Hand:rotation_degrees")
tracks/16/interp = 1
tracks/16/loop_wrap = true
tracks/16/imported = false
tracks/16/enabled = true
tracks/16/keys = {
"times": PoolRealArray( 0 ),
"transitions": PoolRealArray( 1 ),
"update": 0,
"values": [ 64.4263 ]
}
tracks/17/type = "value"
tracks/17/path = NodePath("Player_Bicep:rotation_degrees")
tracks/17/interp = 1
tracks/17/loop_wrap = true
tracks/17/imported = false
tracks/17/enabled = true
tracks/17/keys = {
"times": PoolRealArray( 0 ),
"transitions": PoolRealArray( 1 ),
"update": 0,
"values": [ -13.6563 ]
}
tracks/18/type = "value"
tracks/18/path = NodePath("Player_Bicep2:position")
tracks/18/interp = 1
tracks/18/loop_wrap = true
tracks/18/imported = false
tracks/18/enabled = true
tracks/18/keys = {
"times": PoolRealArray( 0 ),
"transitions": PoolRealArray( 1 ),
"update": 0,
"values": [ Vector2( -8.18896, -10.5516 ) ]
}
tracks/19/type = "value"
tracks/19/path = NodePath("Player_Bicep:position")
tracks/19/interp = 1
tracks/19/loop_wrap = true
tracks/19/imported = false
tracks/19/enabled = true
tracks/19/keys = {
"times": PoolRealArray( 0 ),
"transitions": PoolRealArray( 1 ),
"update": 0,
"values": [ Vector2( 11.5591, -7.90595 ) ]
}
tracks/20/type = "value"
tracks/20/path = NodePath("Player_Head:position")
tracks/20/interp = 1
tracks/20/loop_wrap = true
tracks/20/imported = false
tracks/20/enabled = true
tracks/20/keys = {
"times": PoolRealArray( 0 ),
"transitions": PoolRealArray( 1 ),
"update": 0,
"values": [ Vector2( 0.5, -49 ) ]
}
tracks/21/type = "value"
tracks/21/path = NodePath("Player_Head:rotation_degrees")
tracks/21/interp = 1
tracks/21/loop_wrap = true
tracks/21/imported = false
tracks/21/enabled = true
tracks/21/keys = {
"times": PoolRealArray( 0 ),
"transitions": PoolRealArray( 1 ),
"update": 0,
"values": [ 1.54128 ]
}

[sub_resource type="Animation" id=7]
resource_name = "rest"
tracks/0/type = "value"
tracks/0/path = NodePath("..:position")
tracks/0/interp = 1
tracks/0/loop_wrap = true
tracks/0/imported = false
tracks/0/enabled = true
tracks/0/keys = {
"times": PoolRealArray( 0 ),
"transitions": PoolRealArray( 1 ),
"update": 0,
"values": [ Vector2( 0, 0 ) ]
}
tracks/1/type = "value"
tracks/1/path = NodePath("..:rotation_degrees")
tracks/1/interp = 1
tracks/1/loop_wrap = true
tracks/1/imported = false
tracks/1/enabled = true
tracks/1/keys = {
"times": PoolRealArray( 0 ),
"transitions": PoolRealArray( 1 ),
"update": 0,
"values": [ 0.0 ]
}
tracks/2/type = "value"
tracks/2/path = NodePath(".:position")
tracks/2/interp = 1
tracks/2/loop_wrap = true
tracks/2/imported = false
tracks/2/enabled = true
tracks/2/keys = {
"times": PoolRealArray( 0 ),
"transitions": PoolRealArray( 1 ),
"update": 0,
"values": [ Vector2( 0, 32 ) ]
}
tracks/3/type = "value"
tracks/3/path = NodePath(".:rotation_degrees")
tracks/3/interp = 1
tracks/3/loop_wrap = true
tracks/3/imported = false
tracks/3/enabled = true
tracks/3/keys = {
"times": PoolRealArray( 0 ),
"transitions": PoolRealArray( 1 ),
"update": 0,
"values": [ 0.0 ]
}
tracks/4/type = "value"
tracks/4/path = NodePath("Player_Head:position")
tracks/4/interp = 1
tracks/4/loop_wrap = true
tracks/4/imported = false
tracks/4/enabled = true
tracks/4/keys = {
"times": PoolRealArray( 0 ),
"transitions": PoolRealArray( 1 ),
"update": 0,
"values": [ Vector2( 0.5, -49 ) ]
}
tracks/5/type = "value"
tracks/5/path = NodePath("Player_Head:rotation_degrees")
tracks/5/interp = 1
tracks/5/loop_wrap = true
tracks/5/imported = false
tracks/5/enabled = true
tracks/5/keys = {
"times": PoolRealArray( 0 ),
"transitions": PoolRealArray( 1 ),
"update": 0,
"values": [ 0.0 ]
}
tracks/6/type = "value"
tracks/6/path = NodePath("Player_Thigh:position")
tracks/6/interp = 1
tracks/6/loop_wrap = true
tracks/6/imported = false
tracks/6/enabled = true
tracks/6/keys = {
"times": PoolRealArray( 0 ),
"transitions": PoolRealArray( 1 ),
"update": 0,
"values": [ Vector2( 0.5, 30 ) ]
}
tracks/7/type = "value"
tracks/7/path = NodePath("Player_Thigh:rotation_degrees")
tracks/7/interp = 1
tracks/7/loop_wrap = true
tracks/7/imported = false
tracks/7/enabled = true
tracks/7/keys = {
"times": PoolRealArray( 0 ),
"transitions": PoolRealArray( 1 ),
"update": 0,
"values": [ -10.7739 ]
}
tracks/8/type = "value"
tracks/8/path = NodePath("Player_Bicep/Player_Hand:position")
tracks/8/interp = 1
tracks/8/loop_wrap = true
tracks/8/imported = false
tracks/8/enabled = true
tracks/8/keys = {
"times": PoolRealArray( 0 ),
"transitions": PoolRealArray( 1 ),
"update": 0,
"values": [ Vector2( 0.5, 56.5 ) ]
}
tracks/9/type = "value"
tracks/9/path = NodePath("Player_Bicep/Player_Hand:rotation_degrees")
tracks/9/interp = 1
tracks/9/loop_wrap = true
tracks/9/imported = false
tracks/9/enabled = true
tracks/9/keys = {
"times": PoolRealArray( 0 ),
"transitions": PoolRealArray( 1 ),
"update": 0,
"values": [ 26.6232 ]
}
tracks/10/type = "value"
tracks/10/path = NodePath("Player_Bicep:position")
tracks/10/interp = 1
tracks/10/loop_wrap = true
tracks/10/imported = false
tracks/10/enabled = true
tracks/10/keys = {
"times": PoolRealArray( 0 ),
"transitions": PoolRealArray( 1 ),
"update": 0,
"values": [ Vector2( 26.6667, -26.6667 ) ]
}
tracks/11/type = "value"
tracks/11/path = NodePath("Player_Bicep:rotation_degrees")
tracks/11/interp = 1
tracks/11/loop_wrap = true
tracks/11/imported = false
tracks/11/enabled = true
tracks/11/keys = {
"times": PoolRealArray( 0 ),
"transitions": PoolRealArray( 1 ),
"update": 0,
"values": [ -14.4309 ]
}
tracks/12/type = "value"
tracks/12/path = NodePath("Player_Thigh/Player_Calf:position")
tracks/12/interp = 1
tracks/12/loop_wrap = true
tracks/12/imported = false
tracks/12/enabled = true
tracks/12/keys = {
"times": PoolRealArray( 0 ),
"transitions": PoolRealArray( 1 ),
"update": 0,
"values": [ Vector2( 4.5, 97.5 ) ]
}
tracks/13/type = "value"
tracks/13/path = NodePath("Player_Thigh/Player_Calf:rotation_degrees")
tracks/13/interp = 1
tracks/13/loop_wrap = true
tracks/13/imported = false
tracks/13/enabled = true
tracks/13/keys = {
"times": PoolRealArray( 0 ),
"transitions": PoolRealArray( 1 ),
"update": 0,
"values": [ -1.8519 ]
}
tracks/14/type = "value"
tracks/14/path = NodePath("Player_Thigh/Player_Calf/Player_Foot:position")
tracks/14/interp = 1
tracks/14/loop_wrap = true
tracks/14/imported = false
tracks/14/enabled = true
tracks/14/keys = {
"times": PoolRealArray( 0 ),
"transitions": PoolRealArray( 1 ),
"update": 0,
"values": [ Vector2( -12.5877, 86.2991 ) ]
}
tracks/15/type = "value"
tracks/15/path = NodePath("Player_Thigh/Player_Calf/Player_Foot:rotation_degrees")
tracks/15/interp = 1
tracks/15/loop_wrap = true
tracks/15/imported = false
tracks/15/enabled = true
tracks/15/keys = {
"times": PoolRealArray( 0 ),
"transitions": PoolRealArray( 1 ),
"update": 0,
"values": [ 11.4457 ]
}
tracks/16/type = "value"
tracks/16/path = NodePath("Player_Thigh2:position")
tracks/16/interp = 1
tracks/16/loop_wrap = true
tracks/16/imported = false
tracks/16/enabled = true
tracks/16/keys = {
"times": PoolRealArray( 0 ),
"transitions": PoolRealArray( 1 ),
"update": 0,
"values": [ Vector2( 0, 30 ) ]
}
tracks/17/type = "value"
tracks/17/path = NodePath("Player_Thigh2:rotation_degrees")
tracks/17/interp = 1
tracks/17/loop_wrap = true
tracks/17/imported = false
tracks/17/enabled = true
tracks/17/keys = {
"times": PoolRealArray( 0 ),
"transitions": PoolRealArray( 1 ),
"update": 0,
"values": [ 12.2995 ]
}
tracks/18/type = "value"
tracks/18/path = NodePath("Player_Thigh2/Player_Calf:position")
tracks/18/interp = 1
tracks/18/loop_wrap = true
tracks/18/imported = false
tracks/18/enabled = true
tracks/18/keys = {
"times": PoolRealArray( 0 ),
"transitions": PoolRealArray( 1 ),
"update": 0,
"values": [ Vector2( 4.5, 97.5 ) ]
}
tracks/19/type = "value"
tracks/19/path = NodePath("Player_Thigh2/Player_Calf:rotation_degrees")
tracks/19/interp = 1
tracks/19/loop_wrap = true
tracks/19/imported = false
tracks/19/enabled = true
tracks/19/keys = {
"times": PoolRealArray( 0 ),
"transitions": PoolRealArray( 1 ),
"update": 0,
"values": [ -14.8762 ]
}
tracks/20/type = "value"
tracks/20/path = NodePath("Player_Thigh2/Player_Calf/Player_Foot:position")
tracks/20/interp = 1
tracks/20/loop_wrap = true
tracks/20/imported = false
tracks/20/enabled = true
tracks/20/keys = {
"times": PoolRealArray( 0 ),
"transitions": PoolRealArray( 1 ),
"update": 0,
"values": [ Vector2( -4.5, 90 ) ]
}
tracks/21/type = "value"
tracks/21/path = NodePath("Player_Thigh2/Player_Calf/Player_Foot:rotation_degrees")
tracks/21/interp = 1
tracks/21/loop_wrap = true
tracks/21/imported = false
tracks/21/enabled = true
tracks/21/keys = {
"times": PoolRealArray( 0 ),
"transitions": PoolRealArray( 1 ),
"update": 0,
"values": [ -0.408646 ]
}
tracks/22/type = "value"
tracks/22/path = NodePath("Player_Bicep2:position")
tracks/22/interp = 1
tracks/22/loop_wrap = true
tracks/22/imported = false
tracks/22/enabled = true
tracks/22/keys = {
"times": PoolRealArray( 0 ),
"transitions": PoolRealArray( 1 ),
"update": 0,
"values": [ Vector2( -26.6667, -26.6667 ) ]
}
tracks/23/type = "value"
tracks/23/path = NodePath("Player_Bicep2:rotation_degrees")
tracks/23/interp = 1
tracks/23/loop_wrap = true
tracks/23/imported = false
tracks/23/enabled = true
tracks/23/keys = {
"times": PoolRealArray( 0 ),
"transitions": PoolRealArray( 1 ),
"update": 0,
"values": [ 17.7325 ]
}
tracks/24/type = "value"
tracks/24/path = NodePath("Player_Bicep2/Player_Hand:position")
tracks/24/interp = 1
tracks/24/loop_wrap = true
tracks/24/imported = false
tracks/24/enabled = true
tracks/24/keys = {
"times": PoolRealArray( 0 ),
"transitions": PoolRealArray( 1 ),
"update": 0,
"values": [ Vector2( 0.5, 56.5 ) ]
}
tracks/25/type = "value"
tracks/25/path = NodePath("Player_Bicep2/Player_Hand:rotation_degrees")
tracks/25/interp = 1
tracks/25/loop_wrap = true
tracks/25/imported = false
tracks/25/enabled = true
tracks/25/keys = {
"times": PoolRealArray( 0 ),
"transitions": PoolRealArray( 1 ),
"update": 0,
"values": [ -16.6452 ]
}
tracks/26/type = "value"
tracks/26/path = NodePath("../PlayerRobe:visible")
tracks/26/interp = 1
tracks/26/loop_wrap = true
tracks/26/imported = false
tracks/26/enabled = true
tracks/26/keys = {
"times": PoolRealArray( 1 ),
"transitions": PoolRealArray( 1 ),
"update": 1,
"values": [ false ]
}

[node name="Player" type="KinematicBody2D"]
collision_layer = 2
script = ExtResource( 2 )

[node name="CollisionShape2D" type="CollisionShape2D" parent="."]
position = Vector2( 0, 64 )
rotation = -0.00317406
shape = SubResource( 1 )

[node name="Area2D" type="Area2D" parent="."]
collision_layer = 2
collision_mask = 2
__meta__ = {
"_edit_lock_": true
}

[node name="CollisionShape2D" type="CollisionShape2D" parent="Area2D"]
position = Vector2( 0, 64 )
shape = SubResource( 1 )

[node name="Player_Torso" type="Sprite" parent="."]
position = Vector2( 0, 32 )
scale = Vector2( 0.3, 0.3 )
z_as_relative = false
texture = ExtResource( 5 )

[node name="Player_Head" type="Sprite" parent="Player_Torso"]
position = Vector2( 0.5, -49 )
z_as_relative = false
texture = ExtResource( 4 )
offset = Vector2( -0.5, -46.5 )
__meta__ = {
"_edit_bone_": true,
"_edit_ik_": true
}

[node name="Player_Thigh" type="Sprite" parent="Player_Torso"]
show_behind_parent = true
position = Vector2( 0.5, 30 )
rotation = -0.18804
z_as_relative = false
texture = ExtResource( 7 )
offset = Vector2( 4.5, 51 )
__meta__ = {
"_edit_bone_": true,
"_edit_ik_": true
}

[node name="Player_Calf" type="Sprite" parent="Player_Torso/Player_Thigh"]
position = Vector2( 4.5, 97.5 )
rotation = -0.0323218
texture = ExtResource( 8 )
offset = Vector2( -0.5, 38 )
__meta__ = {
"_edit_bone_": true
}

[node name="Player_Foot" type="Sprite" parent="Player_Torso/Player_Thigh/Player_Calf"]
position = Vector2( -12.5877, 86.2991 )
rotation = 0.199765
z_as_relative = false
texture = ExtResource( 6 )
offset = Vector2( -0.112679, 17.6233 )
__meta__ = {
"_edit_bone_": true
}

[node name="Player_Thigh_Color_NoOutline2" type="Sprite" parent="Player_Torso/Player_Thigh"]
texture = ExtResource( 11 )
offset = Vector2( 7, 51 )

[node name="Player_Thigh2" type="Sprite" parent="Player_Torso"]
show_behind_parent = true
position = Vector2( 0, 30 )
rotation = 0.214667
z_as_relative = false
texture = ExtResource( 7 )
offset = Vector2( 4.5, 51 )
__meta__ = {
"_edit_bone_": true,
"_edit_ik_": true
}

[node name="Player_Calf" type="Sprite" parent="Player_Torso/Player_Thigh2"]
position = Vector2( 4.5, 97.5 )
rotation = -0.259639
z_as_relative = false
texture = ExtResource( 8 )
offset = Vector2( -0.5, 38 )
__meta__ = {
"_edit_bone_": true
}

[node name="Player_Foot" type="Sprite" parent="Player_Torso/Player_Thigh2/Player_Calf"]
position = Vector2( -4.5, 90 )
rotation = -0.00713222
z_as_relative = false
texture = ExtResource( 6 )
offset = Vector2( 12.5, 12.5 )
__meta__ = {
"_edit_bone_": true
}

[node name="Player_Thigh_Color_NoOutline" type="Sprite" parent="Player_Torso/Player_Thigh2"]
texture = ExtResource( 11 )
offset = Vector2( 7, 51 )

[node name="Player_Bicep" type="Sprite" parent="Player_Torso"]
show_behind_parent = true
position = Vector2( 26.6667, -26.6667 )
rotation = -0.251867
z_as_relative = false
texture = ExtResource( 12 )
offset = Vector2( 1, 25.5 )
__meta__ = {
"_edit_bone_": true,
"_edit_ik_": true
}

[node name="Player_Hand" type="Sprite" parent="Player_Torso/Player_Bicep"]
position = Vector2( 0.5, 56.5 )
rotation = 0.464662
z_as_relative = false
texture = ExtResource( 3 )
offset = Vector2( 3.24922, 26.6625 )
__meta__ = {
"_edit_bone_": true
}

[node name="Player_Bicep_Color_NoOutline" type="Sprite" parent="Player_Torso/Player_Bicep"]
position = Vector2( 1.82, 26.27 )
texture = ExtResource( 1 )

[node name="Player_Bicep2" type="Sprite" parent="Player_Torso"]
position = Vector2( -26.6667, -26.6667 )
rotation = 0.309491
z_as_relative = false
texture = ExtResource( 12 )
offset = Vector2( 1, 25.5 )
__meta__ = {
"_edit_bone_": true,
"_edit_ik_": true
}

[node name="Player_Hand" type="Sprite" parent="Player_Torso/Player_Bicep2"]
position = Vector2( 0.5, 56.5 )
rotation = -0.290514
z_as_relative = false
texture = ExtResource( 3 )
offset = Vector2( 3.24188, 26.6884 )
__meta__ = {
"_edit_bone_": true
}

[node name="Player_Bicep_Color_NoOutline" type="Sprite" parent="Player_Torso/Player_Bicep2"]
position = Vector2( 0.723, 25.221 )
texture = ExtResource( 1 )

[node name="Anim" type="AnimationPlayer" parent="."]
root_node = NodePath("../Player_Torso")
method_call_mode = 1
anims/GameLost = SubResource( 8 )
anims/Idle = SubResource( 2 )
anims/Oh_no = SubResource( 3 )
anims/Run = SubResource( 4 )
anims/Sitting = SubResource( 5 )
anims/Walk_Redeemed = SubResource( 6 )
anims/rest = SubResource( 7 )

[node name="PlayerRobe" type="Sprite" parent="."]
visible = false
position = Vector2( -1.44057, 61.2223 )
scale = Vector2( 0.67, 0.67 )
z_index = 1
texture = ExtResource( 10 )

[node name="Poof" parent="." instance=ExtResource( 9 )]
position = Vector2( 0.25, 174.75 )
z_index = 25

[node name="BreathPlayer" type="AudioStreamPlayer" parent="."]
stream = ExtResource( 13 )
volume_db = -4.045

[node name="GameOver" type="AudioStreamPlayer" parent="."]
stream = ExtResource( 14 )
