[gd_scene load_steps=15 format=2]

[ext_resource path="res://Vignettes/Interactable.gd" type="Script" id=1]
[ext_resource path="res://Art/Vignettes/Car_1_Fixed.png" type="Texture" id=2]
[ext_resource path="res://Art/Vignettes/Car_1_Damaged.png" type="Texture" id=3]
[ext_resource path="res://Art/Vignettes/Flowers.png" type="Texture" id=4]
[ext_resource path="res://Objects/Covering.tscn" type="PackedScene" id=5]
[ext_resource path="res://Art/Coverings/Tire_1.png" type="Texture" id=6]
[ext_resource path="res://Vignettes/Smoke.tscn" type="PackedScene" id=7]
[ext_resource path="res://Audio/car_fix.wav" type="AudioStream" id=8]
[ext_resource path="res://Audio/car_break.wav" type="AudioStream" id=9]

[sub_resource type="SpriteFrames" id=1]
animations = [ {
"frames": [ ExtResource( 3 ) ],
"loop": true,
"name": "default",
"speed": 5.0
}, {
"frames": [ ExtResource( 2 ) ],
"loop": true,
"name": "repaired",
"speed": 5.0
} ]

[sub_resource type="RectangleShape2D" id=2]
extents = Vector2( 180, 128 )

[sub_resource type="Animation" id=3]
length = 0.001
tracks/0/type = "value"
tracks/0/path = NodePath("AnimatedSprite:position")
tracks/0/interp = 1
tracks/0/loop_wrap = true
tracks/0/imported = false
tracks/0/enabled = true
tracks/0/keys = {
"times": PoolRealArray( 0 ),
"transitions": PoolRealArray( 1 ),
"update": 0,
"values": [ Vector2( 6.24332, 84.7849 ) ]
}
tracks/1/type = "value"
tracks/1/path = NodePath("AnimatedSprite:rotation_degrees")
tracks/1/interp = 1
tracks/1/loop_wrap = true
tracks/1/imported = false
tracks/1/enabled = true
tracks/1/keys = {
"times": PoolRealArray( 0 ),
"transitions": PoolRealArray( 1 ),
"update": 0,
"values": [ -177.2 ]
}
tracks/2/type = "value"
tracks/2/path = NodePath("AnimatedSprite:animation")
tracks/2/interp = 1
tracks/2/loop_wrap = true
tracks/2/imported = false
tracks/2/enabled = true
tracks/2/keys = {
"times": PoolRealArray( 0 ),
"transitions": PoolRealArray( 1 ),
"update": 1,
"values": [ "default" ]
}
tracks/3/type = "value"
tracks/3/path = NodePath("Tire_1:position")
tracks/3/interp = 1
tracks/3/loop_wrap = true
tracks/3/imported = false
tracks/3/enabled = true
tracks/3/keys = {
"times": PoolRealArray( 0 ),
"transitions": PoolRealArray( 1 ),
"update": 0,
"values": [ Vector2( -83.542, 38.7858 ) ]
}
tracks/4/type = "value"
tracks/4/path = NodePath("Smoke:visible")
tracks/4/interp = 1
tracks/4/loop_wrap = true
tracks/4/imported = false
tracks/4/enabled = true
tracks/4/keys = {
"times": PoolRealArray( 0 ),
"transitions": PoolRealArray( 1 ),
"update": 1,
"values": [ false ]
}

[sub_resource type="Animation" id=4]
length = 0.001
tracks/0/type = "value"
tracks/0/path = NodePath("AnimatedSprite:animation")
tracks/0/interp = 1
tracks/0/loop_wrap = true
tracks/0/imported = false
tracks/0/enabled = true
tracks/0/keys = {
"times": PoolRealArray( 0 ),
"transitions": PoolRealArray( 1 ),
"update": 1,
"values": [ "repaired" ]
}
tracks/1/type = "value"
tracks/1/path = NodePath("Smoke:visible")
tracks/1/interp = 1
tracks/1/loop_wrap = true
tracks/1/imported = false
tracks/1/enabled = true
tracks/1/keys = {
"times": PoolRealArray( 0 ),
"transitions": PoolRealArray( 1 ),
"update": 1,
"values": [ false ]
}

[sub_resource type="Animation" id=5]
length = 0.001
tracks/0/type = "value"
tracks/0/path = NodePath("AnimatedSprite:position")
tracks/0/interp = 1
tracks/0/loop_wrap = true
tracks/0/imported = false
tracks/0/enabled = true
tracks/0/keys = {
"times": PoolRealArray( 0 ),
"transitions": PoolRealArray( 1 ),
"update": 0,
"values": [ Vector2( -0.297302, 63.9738 ) ]
}
tracks/1/type = "value"
tracks/1/path = NodePath("AnimatedSprite:rotation_degrees")
tracks/1/interp = 1
tracks/1/loop_wrap = true
tracks/1/imported = false
tracks/1/enabled = true
tracks/1/keys = {
"times": PoolRealArray( 0 ),
"transitions": PoolRealArray( 1 ),
"update": 0,
"values": [ 0.0 ]
}
tracks/2/type = "value"
tracks/2/path = NodePath("Tire_1:position")
tracks/2/interp = 1
tracks/2/loop_wrap = true
tracks/2/imported = false
tracks/2/enabled = true
tracks/2/keys = {
"times": PoolRealArray( 0 ),
"transitions": PoolRealArray( 1 ),
"update": 0,
"values": [ Vector2( -92.461, 107.76 ) ]
}
tracks/3/type = "value"
tracks/3/path = NodePath("AnimatedSprite:animation")
tracks/3/interp = 1
tracks/3/loop_wrap = true
tracks/3/imported = false
tracks/3/enabled = true
tracks/3/keys = {
"times": PoolRealArray( 0 ),
"transitions": PoolRealArray( 1 ),
"update": 1,
"values": [ "default" ]
}
tracks/4/type = "value"
tracks/4/path = NodePath("Smoke:visible")
tracks/4/interp = 1
tracks/4/loop_wrap = true
tracks/4/imported = false
tracks/4/enabled = true
tracks/4/keys = {
"times": PoolRealArray( 0 ),
"transitions": PoolRealArray( 1 ),
"update": 1,
"values": [ true ]
}

[node name="Car" type="Area2D"]
collision_layer = 2
collision_mask = 2
script = ExtResource( 1 )

[node name="Smoke" parent="." instance=ExtResource( 7 )]
visible = true
frame = 2

[node name="AnimatedSprite" type="AnimatedSprite" parent="."]
position = Vector2( -0.297302, 63.9738 )
frames = SubResource( 1 )

[node name="Sprite" type="Sprite" parent="AnimatedSprite"]
visible = false
position = Vector2( -16.4719, 48.1123 )
scale = Vector2( 0.1, 0.12 )
texture = ExtResource( 4 )

[node name="CollisionShape2D" type="CollisionShape2D" parent="."]
shape = SubResource( 2 )
__meta__ = {
"_edit_lock_": true
}

[node name="AnimationPlayer" type="AnimationPlayer" parent="."]
anims/damage = SubResource( 3 )
anims/redeem = SubResource( 4 )
anims/rest = SubResource( 5 )

[node name="Tire_1" type="Sprite" parent="."]
position = Vector2( -92.461, 107.76 )
scale = Vector2( 1.2, 1.2 )
texture = ExtResource( 6 )

[node name="Covering" parent="." instance=ExtResource( 5 )]
position = Vector2( 95.9186, 108.541 )
scale = Vector2( 1.2, 1.2 )
z_index = 0
texture = ExtResource( 6 )

[node name="CoverAudio" type="AudioStreamPlayer" parent="."]
stream = ExtResource( 9 )
volume_db = -8.109

[node name="AtoneAudio" type="AudioStreamPlayer" parent="."]
stream = ExtResource( 8 )
