[gd_scene load_steps=19 format=2]

[ext_resource path="res://Vignettes/Interactable.gd" type="Script" id=1]
[ext_resource path="res://Art/Vignettes/House_Yellow_Damaged.png" type="Texture" id=2]
[ext_resource path="res://Art/Vignettes/House_Yellow_Base.png" type="Texture" id=3]
[ext_resource path="res://Art/Vignettes/Flowers.png" type="Texture" id=4]
[ext_resource path="res://Objects/Covering.tscn" type="PackedScene" id=5]
[ext_resource path="res://Art/Coverings/Laundry_0.png" type="Texture" id=6]
[ext_resource path="res://Art/Coverings/Laundry_2.png" type="Texture" id=7]
[ext_resource path="res://Art/Coverings/Laundry_5.png" type="Texture" id=8]
[ext_resource path="res://Art/Coverings/Laundry_1.png" type="Texture" id=9]
[ext_resource path="res://Art/Coverings/Laundry_3.png" type="Texture" id=10]
[ext_resource path="res://Art/Coverings/Laundry_4.png" type="Texture" id=11]
[ext_resource path="res://Audio/house_twang.wav" type="AudioStream" id=12]
[ext_resource path="res://Audio/house_grow.wav" type="AudioStream" id=13]

[sub_resource type="SpriteFrames" id=1]
animations = [ {
"frames": [ ExtResource( 3 ) ],
"loop": true,
"name": "default",
"speed": 5.0
}, {
"frames": [  ],
"loop": true,
"name": "redeem",
"speed": 5.0
}, {
"frames": [ ExtResource( 2 ) ],
"loop": true,
"name": "damage",
"speed": 5.0
} ]

[sub_resource type="RectangleShape2D" id=2]
extents = Vector2( 180, 128 )

[sub_resource type="Animation" id=3]
resource_name = "damage"
length = 0.001
tracks/0/type = "value"
tracks/0/path = NodePath("AnimatedSprite:animation")
tracks/0/interp = 1
tracks/0/loop_wrap = true
tracks/0/imported = false
tracks/0/enabled = true
tracks/0/keys = {
"times": PoolRealArray( 0 ),
"transitions": PoolRealArray( 1 ),
"update": 1,
"values": [ "damage" ]
}

[sub_resource type="Animation" id=4]
resource_name = "redeem"
length = 0.001
tracks/0/type = "value"
tracks/0/path = NodePath("AnimatedSprite/Sprite:visible")
tracks/0/interp = 1
tracks/0/loop_wrap = true
tracks/0/imported = false
tracks/0/enabled = true
tracks/0/keys = {
"times": PoolRealArray( 0 ),
"transitions": PoolRealArray( 1 ),
"update": 1,
"values": [ true ]
}

[sub_resource type="Animation" id=5]
resource_name = "rest"
length = 0.001
tracks/0/type = "value"
tracks/0/path = NodePath("AnimatedSprite:animation")
tracks/0/interp = 1
tracks/0/loop_wrap = true
tracks/0/imported = false
tracks/0/enabled = true
tracks/0/keys = {
"times": PoolRealArray( 0 ),
"transitions": PoolRealArray( 1 ),
"update": 1,
"values": [ "default" ]
}
tracks/1/type = "value"
tracks/1/path = NodePath("AnimatedSprite/Sprite:visible")
tracks/1/interp = 1
tracks/1/loop_wrap = true
tracks/1/imported = false
tracks/1/enabled = true
tracks/1/keys = {
"times": PoolRealArray( 0 ),
"transitions": PoolRealArray( 1 ),
"update": 1,
"values": [ false ]
}

[node name="House" type="Area2D"]
collision_layer = 2
collision_mask = 2
script = ExtResource( 1 )

[node name="AnimatedSprite" type="AnimatedSprite" parent="."]
position = Vector2( 0, 6 )
frames = SubResource( 1 )

[node name="Sprite" type="Sprite" parent="AnimatedSprite"]
visible = false
position = Vector2( -16.4719, 48.1123 )
scale = Vector2( 0.1, 0.12 )
texture = ExtResource( 4 )

[node name="CollisionShape2D" type="CollisionShape2D" parent="."]
shape = SubResource( 2 )
__meta__ = {
"_edit_lock_": true
}

[node name="AnimationPlayer" type="AnimationPlayer" parent="."]
anims/damage = SubResource( 3 )
anims/redeem = SubResource( 4 )
anims/rest = SubResource( 5 )

[node name="Covering" parent="." instance=ExtResource( 5 )]
position = Vector2( 120, 80.0001 )
scale = Vector2( 0.14, 0.15 )
z_index = 0
textureArray = [ ExtResource( 6 ), ExtResource( 9 ), ExtResource( 7 ), ExtResource( 10 ), ExtResource( 11 ), ExtResource( 8 ) ]

[node name="CoverAudio" type="AudioStreamPlayer" parent="."]
stream = ExtResource( 12 )
volume_db = 4.5

[node name="AtoneAudio" type="AudioStreamPlayer" parent="."]
stream = ExtResource( 13 )
volume_db = -5.0
